@article{another_approach_to_get_derivative_of_odd_power,
    title = {Another approach to get derivative of odd-power},
    author = {Kolosov, Petro},
    journal = {{arXiv preprint arXiv:2310.07804}},
    year = {2023},
    note = {\url{https://arxiv.org/abs/2310.07804}},
}