@article{derivative_of_polynomials_via_double_limit,
    title = {Finding the derivative of polynomials via double limit},
    author = {Kolosov, Petro},
    note = {\url{https://kolosovpetro.github.io/pdf/FindingTheDerivativeOfPolynomialsViaDoubleLimit.pdf}},
    year = {2024}
}